<record xmlns="http://www.loc.gov/MARC21/slim" xmlns:xsi="http://www.w3.org/2001/XMLSchema-instance" xsi:schemaLocation="http://www.loc.gov/MARC21/slim http://www.loc.gov/standards/marcxml/schema/MARC21slim.xsd">

  <leader>01495nab a22001697a 4500</leader>
  <controlfield tag="008">150625b2000    cr f|||| |||| 00| 0 spa d</controlfield>
  <datafield ind1=" " ind2=" " tag="090">
    <subfield code="a">REVIS 06.02.01</subfield>
  </datafield>
  <datafield ind2=" " ind1="1" tag="100">
    <subfield code="9">241</subfield>
    <subfield code="a">Matarrita Baccá, Rosaura</subfield>
  </datafield>
  <datafield tag="245" ind2="3" ind1="1">
    <subfield code="a">El papel estratégico de la educación para el desarrollo sostenible /</subfield>
    <subfield code="c">Rosaura Matarrita Baccá, Emma Tuk Mena</subfield>
  </datafield>
  <datafield ind1=" " ind2=" " tag="260">
    <subfield code="a">San José, Costa Rica :</subfield>
    <subfield code="b">Editorial Universidad de Costa Rica,</subfield>
    <subfield code="c">2000</subfield>
  </datafield>
  <datafield tag="300" ind1=" " ind2=" ">
    <subfield code="a">páginas 19-26</subfield>
  </datafield>
  <datafield tag="520" ind2=" " ind1=" ">
    <subfield code="a">Un cambio de paradigma para el desarrollo del país, obliga a la universidad, como institución, a replantear todas las carreras de tal manera que los profesionales que se formen obtengan un perfil que les permita responder a las necesidades de la sociedad al integrar los aspectos relacionados con la conservación y protección de la biodiversidad, incluyendo al ser humano; relacionada con la organización social que permita la maximización del bienestar con equidad y vivir en forma responsable, solidaria y consciente de que las acciones individuales tienen impacto en la sociedad. Para lograrlo, no sólo debe remozarse la oferta académica, es necesario contar con el personal docente que se encuentre en condiciones de propiciar ese cambio con seriedad, responsabilidad y compromiso</subfield>
  </datafield>
  <datafield ind2="4" ind1="1" tag="650">
    <subfield code="9">1</subfield>
    <subfield code="a">EDUCACIÓN</subfield>
  </datafield>
  <datafield tag="700" ind1="1" ind2=" ">
    <subfield code="9">242</subfield>
    <subfield code="a">Tuk Mena, Emma</subfield>
  </datafield>
  <datafield tag="773" ind1="0" ind2=" ">
    <subfield code="d">San José, Costa Rica : Editorial de la Universidad de Costa Rica, 1997-</subfield>
    <subfield code="o">R0054</subfield>
    <subfield code="t">EDUCACIÓN: Revista de la Universidad de Costa Rica</subfield>
    <subfield code="g">Vol.25, no.1  (2001)</subfield>
  </datafield>
  <datafield tag="942" ind1=" " ind2=" ">
    <subfield code="2">z</subfield>
    <subfield code="c">10</subfield>
  </datafield>
  <datafield tag="999" ind1=" " ind2=" ">
    <subfield code="c">2712</subfield>
    <subfield code="d">2712</subfield>
  </datafield>
</record>